@book{BookEAS,
   title =     {Extensive Air Showers: High Energy Phenomena and Astrophysical Aspects A Tutorial, Reference Manual and Data Book},
   author =    {Peter K. Grieder},
   publisher = {Springer-Verlag Berlin Heidelberg},
   isbn =      {9783540769415,3540769412},
   year =      {2010},
   series =    {},
   edition =   {1},
   volume =    {},
   url =       {http://gen.lib.rus.ec/book/index.php?md5=f72ae0b86ea0c84b9b5574635d2d49d5}}
   
 @article{UHEgammapaper,
author = {Cao, Zhen and Aharonian, F. and An, Q. and Axikegu, and Bai, L. and Bai, Y. and Bao, Y. and Bastieri, D. and Bi, Xiao-Hui and Bi, Y. and Cai, Hong and Cai, J. and Cao, Zhe and Chang, Jin and Chang, J. and Chang, X. and Chen, B. and Chen, Jiann-Chu and Chen, Liuming},
year = {2021},
month = {06},
pages = {},
title = {Ultrahigh-energy photons up to 1.4 petaelectronvolts from 12 γ-ray Galactic sources},
volume = {594},
journal = {Nature},
doi = {10.1038/s41586-021-03498-z}
}

   @book{CORSIKA,
       author = {{Heck}, D. and {Knapp}, J. and {Capdevielle}, J.~N. and {Schatz}, G. and {Thouw}, T.},
        title = "{CORSIKA: a Monte Carlo code to simulate extensive air showers.}",
         year = 1998,
       adsurl = {https://ui.adsabs.harvard.edu/abs/1998cmcc.book.....H},
      adsnote = {Provided by the SAO/NASA Astrophysics Data System}
}

@misc{LHAASOpaper,
      title={The Large High Altitude Air Shower Observatory (LHAASO) Science White Paper}, 
      author={X. Bai and B. Y. Bi and X. J. Bi and et. al.},
      year={2019},
      eprint={1905.02773},
      archivePrefix={arXiv},
      primaryClass={astro-ph.HE}
}
@book{heitler1984quantum,
  title={The Quantum Theory of Radiation},
  author={Heitler, W.},
  isbn={9780486645582},
  lccn={83005201},
  series={Dover Books on Physics Series},
  url={},
  year={1984},
  publisher={Dover Publications}
}
@article{heitlerarticle,
    author = "Matthews, J.",
    title = "{A Heitler model of extensive air showers}",
    doi = "10.1016/j.astropartphys.2004.09.003",
    journal = "Astropart. Phys.",
    volume = "22",
    pages = "387--397",
    year = "2005"
}

@ARTICLE{differencesgp,
       author = {{Hillas}, A.M.},
        title = "{Differences between Gamma-Ray and Hadronic Showers}",
      journal = {\ssr},
     keywords = {{\v{C}}erenkov radiation, Cosmic gamma-rays, Extensive Air Showers},
         year = 1996,
        month = jan,
       volume = {75},
       number = {1-2},
        pages = {17-30},
          doi = {10.1007/BF00195021},
       adsurl = {https://ui.adsabs.harvard.edu/abs/1996SSRv...75...17H},
      adsnote = {Provided by the SAO/NASA Astrophysics Data System}
}
@article{charsEAS,
   title={Characteristics of extensive air showers around the energy threshold for ground-particle-based $\gamma$-ray observatories},
   volume={79},
   ISSN={1434-6052},
   url={http://dx.doi.org/10.1140/epjc/s10052-019-6942-x},
   DOI={10.1140/epjc/s10052-019-6942-x},
   number={5},
   journal={The European Physical Journal C},
   publisher={Springer Science and Business Media LLC},
   author={Schoorlemmer, Harm and Hinton, Jim and López-Coto, Rubén},
   year={2019},
   month={May}
}
@article{TIBETpaper,
  title = {First Detection of sub-PeV Diffuse Gamma Rays from the Galactic Disk: Evidence for Ubiquitous Galactic Cosmic Rays beyond PeV Energies},
  author = {Amenomori, M. and Bao, Y. W. and Bi, X. J. and Chen, D. and Chen, T. L.and et.al.},
  collaboration = {Tibet ${\mathrm{AS}}_{\ensuremath{\gamma}}$ Collaboration},
  journal = {Phys. Rev. Lett.},
  volume = {126},
  issue = {14},
  pages = {141101},
  numpages = {7},
  year = {2021},
  month = {Apr},
  publisher = {American Physical Society},
  doi = {10.1103/PhysRevLett.126.141101},
  url = {https://link.aps.org/doi/10.1103/PhysRevLett.126.141101}
}
@article{dpmjet,
   title={The Monte Carlo Event Generator DPMJET-III},
   ISBN={9783642182112},
   url={http://dx.doi.org/10.1007/978-3-642-18211-2_166},
   DOI={10.1007/978-3-642-18211-2_166},
   journal={Advanced Monte Carlo for Radiation Physics, Particle Transport Simulation and Applications},
   publisher={Springer Berlin Heidelberg},
   author={Roesler, S. and Engel, R. and Ranft, J.},
   year={2001},
   pages={1033–1038}
}